<?xml version="1.0" encoding="UTF-8"?>
<collection xmlns:xsi="http://www.w3.org/2001/XMLSchema-instance" xsi:schemaLocation="http://www.loc.gov/MARC21/slim http://www.loc.gov/standards/marcxml/schema/MARC21slim.xsd" xmlns="http://www.loc.gov/MARC21/slim">
<record>
  <leader>00723cam a22001811  4500</leader>
  <controlfield tag="001">1098976</controlfield>
  <controlfield tag="003">NNC</controlfield>
  <controlfield tag="005">20100216001429.0</controlfield>
  <controlfield tag="008">920817s1929    ua            000 0 ara d</controlfield>
  <datafield tag="035" ind1=" " ind2=" ">
    <subfield code="a">(OCoLC)29277236</subfield>
  </datafield>
  <datafield tag="035" ind1=" " ind2=" ">
    <subfield code="a">(OCoLC)ocm29277236</subfield>
  </datafield>
  <datafield tag="035" ind1=" " ind2=" ">
    <subfield code="9">AGE2678CU</subfield>
  </datafield>
  <datafield tag="035" ind1=" " ind2=" ">
    <subfield code="a">(NNC)1098976</subfield>
  </datafield>
  <datafield tag="100" ind1="1" ind2=" ">
    <subfield code="a">Maẓhar, Ismāʻīl.</subfield>
  </datafield>
  <datafield tag="245" ind1="1" ind2="0">
    <subfield code="a">Qişşat al-ṭūfān,</subfield>
    <subfield code="b">wa-tatawwuruhā fi thalāth madanīyāt qadīmah, hiya al-Ashūrīyah al-bāliyah wa-al-I̕brānīyah wa-al-Masīḥīyah, wa-intiqāluhā bi-al-laqāḥ ilā al-madanīyah al-Islāmīyah.</subfield>
    <subfield code="c">Bi-qalam Ismāī̕l Maẓhar.</subfield>
  </datafield>
  <datafield tag="260" ind1=" " ind2=" ">
    <subfield code="a">Mişr,</subfield>
    <subfield code="b">Dār al-U̕ṣūr lil-Ṭab wa-al-Nashr,</subfield>
    <subfield code="c">1929.</subfield>
  </datafield>
  <datafield tag="300" ind1=" " ind2=" ">
    <subfield code="a">77 p.</subfield>
    <subfield code="c">24 cm.</subfield>
  </datafield>
  <datafield tag="955" ind1=" " ind2=" ">
    <subfield code="b">CU60491922</subfield>
    <subfield code="d">off,glx</subfield>
    <subfield code="e">BS658 .M39</subfield>
  </datafield>
</record>
</collection>